% Graph theory

@book{west1996introduction,
  title={Introduction to graph theory},
  author={West, Douglas Brent and others},
  volume={2},
  year={1996},
  publisher={Prentice hall Upper Saddle River, NJ}
}

@article{doi2005relations,
  title={Relations between the statistical regularities of natural images and the response properties of the early visual system},
  author={Doi, Eizaburo and Lewicki, Michael S},
  journal={Japanese Cognitive Science Society, SIG P\&P},
  volume={1},
  pages={1--8},
  year={2005}
 }

@book{grady2010discrete,
  title={Discrete calculus: Applied analysis on graphs for computational science},
  author={Grady, Leo J and Polimeni, Jonathan R},
  year={2010},
  publisher={Springer Science \& Business Media}
}

@book{baron1822theorie,
  title={Th{\'e}orie analytique de la chaleur},
  author={Baron de Fourier, Jean Baptiste Joseph},
  year={1822},
  publisher={Firmin Didot}
}


@inproceedings{kondor2002diffusion,
  title={Diffusion kernels on graphs and other discrete structures},
  author={Kondor, Risi Imre and Lafferty, John},
  booktitle={Proceedings of the 19th international conference on machine learning},
  volume={2002},
  pages={315--22},
  year={2002}
}

@book{chung1997spectral,
  title={Spectral graph theory},
  author={Chung, Fan RK and Graham, Fan Chung},
  number={92},
  year={1997},
  publisher={American Mathematical Soc.}
}

@article{shuman2013gsp,
  title={The emerging field of signal processing on graphs: Extending high-dimensional data analysis to networks and other irregular domains},
  author={Shuman, David I and Narang, Sunil K and Frossard, Pascal and Ortega, Antonio and Vandergheynst, Pierre},
  journal={IEEE signal processing magazine},
  volume={30},
  number={3},
  pages={83--98},
  year={2013},
  publisher={IEEE}
}

@article{bronstein2017geometric,
  title={Geometric deep learning: going beyond euclidean data},
  author={Bronstein, Michael M and Bruna, Joan and LeCun, Yann and Szlam, Arthur and Vandergheynst, Pierre},
  journal={IEEE Signal Processing Magazine},
  volume={34},
  number={4},
  pages={18--42},
  year={2017},
  publisher={IEEE}
}

@article{wu2020comprehensive,
  title={A comprehensive survey on graph neural networks},
  author={Wu, Zonghan and Pan, Shirui and Chen, Fengwen and Long, Guodong and Zhang, Chengqi and Philip, S Yu},
  journal={IEEE Transactions on Neural Networks and Learning Systems},
  year={2020},
  publisher={IEEE}
}

@article{bruna2013spectral,
  title={Spectral networks and locally connected networks on graphs},
  author={Bruna, Joan and Zaremba, Wojciech and Szlam, Arthur and LeCun, Yann},
  journal={arXiv preprint arXiv:1312.6203},
  year={2013}
}


@article{henaff2015deep,
  title={Deep convolutional networks on graph-structured data},
  author={Henaff, Mikael and Bruna, Joan and LeCun, Yann},
  journal={arXiv preprint arXiv:1506.05163},
  year={2015}
}

@article{scarselli2008graph,
  title={The graph neural network model},
  author={Scarselli, Franco and Gori, Marco and Tsoi, Ah Chung and Hagenbuchner, Markus and Monfardini, Gabriele},
  journal={IEEE transactions on neural networks},
  volume={20},
  number={1},
  pages={61--80},
  year={2008},
  publisher={IEEE}
}

@inproceedings{masci2015geodesic,
  title={Geodesic convolutional neural networks on riemannian manifolds},
  author={Masci, Jonathan and Boscaini, Davide and Bronstein, Michael and Vandergheynst, Pierre},
  booktitle={Proceedings of the IEEE international conference on computer vision workshops},
  pages={37--45},
  year={2015}
}

@inproceedings{monti2017geometric,
  title={Geometric deep learning on graphs and manifolds using mixture model cnns},
  author={Monti, Federico and Boscaini, Davide and Masci, Jonathan and Rodola, Emanuele and Svoboda, Jan and Bronstein, Michael M},
  booktitle={Proceedings of the IEEE conference on computer vision and pattern recognition},
  pages={5115--5124},
  year={2017}
}



@inproceedings{boscaini2016learning,
  title={Learning shape correspondence with anisotropic convolutional neural networks},
  author={Boscaini, Davide and Masci, Jonathan and Rodoi{\`a}, Emanuele and Bronstein, Michael},
  booktitle={Proceedings of the 30th International Conference on Neural Information Processing Systems},
  pages={3197--3205},
  year={2016}
}



@inproceedings{atwood2016dcnn,
  title={Diffusion-convolutional neural networks},
  author={Atwood, James and Towsley, Don},
  booktitle={Advances in neural information processing systems},
  pages={1993--2001},
  year={2016}
}

@inproceedings{defferrard2016chebnet,
  title={Convolutional neural networks on graphs with fast localized spectral filtering},
  author={Defferrard, Micha{\"e}l and Bresson, Xavier and Vandergheynst, Pierre},
  booktitle={Advances in neural information processing systems},
  pages={3844--3852},
  year={2016}
}

@article{kipf2016gcn,
  title={Semi-supervised classification with graph convolutional networks},
  author={Kipf, Thomas N and Welling, Max},
  journal={arXiv preprint arXiv:1609.02907},
  year={2016}
}

@inproceedings{monti2017monet,
  title={Geometric deep learning on graphs and manifolds using mixture model cnns},
  author={Monti, Federico and Boscaini, Davide and Masci, Jonathan and Rodola, Emanuele and Svoboda, Jan and Bronstein, Michael M},
  booktitle={Proceedings of the IEEE Conference on Computer Vision and Pattern Recognition},
  pages={5115--5124},
  year={2017}
}


@inproceedings{vedaldi2008qs,
  title={Quick shift and kernel methods for mode seeking},
  author={Vedaldi, Andrea and Soatto, Stefano},
  booktitle={European conference on computer vision},
  pages={705--718},
  year={2008},
  organization={Springer}
}

@article{achanta2012slic,
  title={SLIC superpixels compared to state-of-the-art superpixel methods},
  author={Achanta, Radhakrishna and Shaji, Appu and Smith, Kevin and Lucchi, Aurelien and Fua, Pascal and S{\"u}sstrunk, Sabine},
  journal={IEEE transactions on pattern analysis and machine intelligence},
  volume={34},
  number={11},
  pages={2274--2282},
  year={2012},
  publisher={IEEE}
}


@article{gilmer2017mpnn,
  title={Neural message passing for quantum chemistry},
  author={Gilmer, Justin and Schoenholz, Samuel S and Riley, Patrick F and Vinyals, Oriol and Dahl, George E},
  journal={arXiv preprint arXiv:1704.01212},
  year={2017}
}



% Group theory

@inproceedings{sanguinetti2015fastmarching,
  title={Sub-Riemannian fast marching in SE (2)},
  author={Sanguinetti, Gonzalo and Bekkers, Erik and Duits, Remco and Janssen, Michiel HJ and Mashtakov, Alexey and Mirebeau, Jean-Marie},
  booktitle={Iberoamerican Congress on Pattern Recognition},
  pages={366--374},
  year={2015},
  organization={Springer}
}

@article{bekkers2018nilpotent,
  title={Nilpotent approximations of sub-Riemannian distances for fast perceptual grouping of blood vessels in 2D and 3D},
  author={Bekkers, Erik J and Chen, Da and Portegies, Jorg M},
  journal={Journal of mathematical imaging and vision},
  volume={60},
  number={6},
  pages={882--899},
  year={2018},
  publisher={Springer}
}


@inproceedings{cohen2016gcnn,
  title={Group equivariant convolutional networks},
  author={Cohen, Taco and Welling, Max},
  booktitle={International conference on machine learning},
  pages={2990--2999},
  year={2016}
}

@article{cohen2019gauge,
  title={Gauge equivariant convolutional networks and the icosahedral cnn},
  author={Cohen, Taco S and Weiler, Maurice and Kicanaoglu, Berkay and Welling, Max},
  journal={arXiv preprint arXiv:1902.04615},
  year={2019}
}


@article{bekkers2017thesis,
  title={Retinal image analysis using sub-Riemannian geometry in SE (2)},
  author={Bekkers, Erik J},
  year={2017},
  publisher={Technische Universiteit Eindhoven}
}

@inproceedings{weiler2019,
  title={General e (2)-equivariant steerable cnns},
  author={Weiler, Maurice and Cesa, Gabriele},
  booktitle={Advances in Neural Information Processing Systems},
  pages={14334--14345},
  year={2019}
}

@article{bekkers2019b,
  title={B-spline cnns on lie groups},
  author={Bekkers, Erik J},
  journal={arXiv preprint arXiv:1909.12057},
  year={2019}
}

@article{fuchs2021iterative,
  title={Iterative SE (3)-Transformers},
  author={Fuchs, Fabian B and Wagstaff, Edward and Dauparas, Justas and Posner, Ingmar},
  journal={arXiv preprint arXiv:2102.13419},
  year={2021}
}

@inproceedings{finzi2020generalizing,
  title={Generalizing convolutional neural networks for equivariance to lie groups on arbitrary continuous data},
  author={Finzi, Marc and Stanton, Samuel and Izmailov, Pavel and Wilson, Andrew Gordon},
  booktitle={International Conference on Machine Learning},
  pages={3165--3176},
  year={2020},
  organization={PMLR}
}


@article{jumper2020high,
  title={High accuracy protein structure prediction using deep learning},
  author={Jumper, John and Evans, R and Pritzel, A and Green, T and Figurnov, M and Tunyasuvunakool, K and Ronneberger, O and Bates, R and Zidek, A and Bridgland, A and others},
  journal={Fourteenth Critical Assessment of Techniques for Protein Structure Prediction (Abstract Book)},
  volume={22},
  pages={24},
  year={2020}
}



@inproceedings{portegies2015new,
  title={New approximation of a scale space kernel on SE (3) and applications in neuroimaging},
  author={Portegies, Jorg and Sanguinetti, Gonzalo and Meesters, Stephan and Duits, Remco},
  booktitle={International Conference on Scale Space and Variational Methods in Computer Vision},
  pages={40--52},
  year={2015},
  organization={Springer}
}


@inproceedings{lenc2015understanding,
  title={Understanding image representations by measuring their equivariance and equivalence},
  author={Lenc, Karel and Vedaldi, Andrea},
  booktitle={Proceedings of the IEEE conference on computer vision and pattern recognition},
  pages={991--999},
  year={2015}
}

@article{finzi2020lieconv,
  title={Generalizing convolutional neural networks for equivariance to lie groups on arbitrary continuous data},
  author={Finzi, Marc and Stanton, Samuel and Izmailov, Pavel and Wilson, Andrew Gordon},
  journal={arXiv preprint arXiv:2002.12880},
  year={2020}
}

@article{eade2014liegroups,
  title={Lie groups for computer vision},
  author={Eade, Ethan},
  journal={Cambridge Univ., Cam-bridge, UK, Tech. Rep},
  volume={2},
  year={2014}
}

@article{krizhevsky2012imagenet,
  title={Imagenet classification with deep convolutional neural networks},
  author={Krizhevsky, Alex and Sutskever, Ilya and Hinton, Geoffrey E},
  journal={Advances in neural information processing systems},
  volume={25},
  pages={1097--1105},
  year={2012}
}

@inproceedings{kondor2018generalization,
  title={On the generalization of equivariance and convolution in neural networks to the action of compact groups},
  author={Kondor, Risi and Trivedi, Shubhendu},
  booktitle={International Conference on Machine Learning},
  pages={2747--2755},
  year={2018},
  organization={PMLR}
}


@inproceedings{weiler20183d,
  title={3d steerable cnns: Learning rotationally equivariant features in volumetric data},
  author={Weiler, Maurice and Geiger, Mario and Welling, Max and Boomsma, Wouter and Cohen, Taco S},
  booktitle={Advances in Neural Information Processing Systems},
  pages={10381--10392},
  year={2018}
}

@article{smidt2020euclidean,
  title={Euclidean Symmetry and Equivariance in Machine Learning},
  author={Smidt, Tess E},
  journal={Trends in Chemistry},
  year={2020},
  publisher={Elsevier}
}

@article{sommer2020introduction,
    author = {Sommer, Stefan and Fletcher, Tom and Pennec, Xavier},
    title = {Introduction to differential and Riemannian geometry},
    year = {2020},
    booktitle={Riemannian Geometric Statistics in Medical Image Analysis},
    pages = {3--37}
}

@book{lee2006riemannian,
  title={Riemannian manifolds: an introduction to curvature},
  author={Lee, John M},
  volume={176},
  year={2006},
  publisher={Springer Science \& Business Media}
}

@book{kobayashi1963foundations,
  title={Foundations of differential geometry},
  author={Kobayashi, Shoshichi and Nomizu, Katsumi},
  volume={1},
  number={2},
  year={1963},
  publisher={New York, London}
}

@book{rodrigues1840lois,
  title={Des lois g{\'e}om{\'e}triques qui r{\'e}gissent les d{\'e}placements d'un syst{\`e}me solide dans l'espace: et de la variation des cordonn{\'e}es provenant de ces d{\'e}placements consid{\'e}r{\'e}s ind{\'e}pendamment des causes qui peuvent les produire},
  author={Rodrigues, Olinde},
  year={1840}
}

@article{hubel1962receptive,
  title={Receptive fields, binocular interaction and functional architecture in the cat's visual cortex},
  author={Hubel, David H and Wiesel, Torsten N},
  journal={The Journal of physiology},
  volume={160},
  number={1},
  pages={106--154},
  year={1962},
  publisher={Wiley Online Library}
}


% Libraries
@inproceedings{pytorch,
  title={Pytorch: An imperative style, high-performance deep learning library},
  author={Paszke, Adam and Gross, Sam and Massa, Francisco and Lerer, Adam and Bradbury, James and Chanan, Gregory and Killeen, Trevor and Lin, Zeming and Gimelshein, Natalia and Antiga, Luca and others},
  booktitle={Advances in neural information processing systems},
  pages={8026--8037},
  year={2019}
}

@misc{wandb,
title = {Experiment Tracking with Weights and Biases},
year = {2020},
note = {Software available from wandb.com},
url={https://www.wandb.com/},
author = {Biewald, Lukas},
}

@book{goodfellow2016deep,
  title={Deep learning},
  author={Goodfellow, Ian and Bengio, Yoshua and Courville, Aaron and Bengio, Yoshua},
  volume={1},
  number={2},
  year={2016},
  publisher={MIT press Cambridge}
}

@article{charlier2020kernel,
  title={Kernel operations on the gpu, with autodiff, without memory overflows},
  author={Charlier, Benjamin and Feydy, Jean and Glaun{\`e}s, Joan Alexis and Collin, Fran{\c{c}}ois-David and Durif, Ghislain},
  journal={arXiv preprint arXiv:2004.11127},
  year={2020}
}

@article{fey2019fast,
  title={Fast graph representation learning with PyTorch Geometric},
  author={Fey, Matthias and Lenssen, Jan Eric},
  journal={arXiv preprint arXiv:1903.02428},
  year={2019}
}



@inproceedings{he2015delving,
  title={Delving deep into rectifiers: Surpassing human-level performance on imagenet classification},
  author={He, Kaiming and Zhang, Xiangyu and Ren, Shaoqing and Sun, Jian},
  booktitle={Proceedings of the IEEE international conference on computer vision},
  pages={1026--1034},
  year={2015}
}


% Datasets
@article{lecun1998gradient,
  title={Gradient-based learning applied to document recognition},
  author={LeCun, Yann and Bottou, L{\'e}on and Bengio, Yoshua and Haffner, Patrick},
  journal={Proceedings of the IEEE},
  volume={86},
  number={11},
  pages={2278--2324},
  year={1998},
  publisher={Ieee}
}

@article{krizhevsky2009learning,
  title={Learning multiple layers of features from tiny images},
  author={Krizhevsky, Alex and Hinton, Geoffrey and others},
  year={2009},
  publisher={Citeseer}
}

@inproceedings{coates2011analysis,
  title={An analysis of single-layer networks in unsupervised feature learning},
  author={Coates, Adam and Ng, Andrew and Lee, Honglak},
  booktitle={Proceedings of the fourteenth international conference on artificial intelligence and statistics},
  pages={215--223},
  year={2011},
  organization={JMLR Workshop and Conference Proceedings}
}

@article{kashinath2021climatenet,
  title={ClimateNet: an expert-labeled open dataset and deep learning architecture for enabling high-precision analyses of extreme weather},
  author={Kashinath, Karthik and Mudigonda, Mayur and Kim, Sol and Kapp-Schwoerer, Lukas and Graubner, Andre and Karaismailoglu, Ege and von Kleist, Leo and Kurth, Thorsten and Greiner, Annette and Mahesh, Ankur and others},
  journal={Geoscientific Model Development},
  volume={14},
  number={1},
  pages={107--124},
  year={2021},
  publisher={Copernicus GmbH}
}


% Hyper parameters optimization
@article{bayesianopt,
  title={Bayesian optimization primer},
  author={Dewancker, Ian and McCourt, Michael and Clark, Scott},
  journal={URL https://app. sigopt. com/static/pdf/SigOpt\_ Bayesian\_Optimization\_Primer. pdf},
  year={2015}
}

@inproceedings{lorenzo2017particle,
  title={Particle swarm optimization for hyper-parameter selection in deep neural networks},
  author={Lorenzo, Pablo Ribalta and Nalepa, Jakub and Kawulok, Michal and Ramos, Luciano Sanchez and Pastor, Jos{\'e} Ranilla},
  booktitle={Proceedings of the genetic and evolutionary computation conference},
  pages={481--488},
  year={2017}
}

@article{yu2020hyper,
  title={Hyper-Parameter Optimization: A Review of Algorithms and Applications},
  author={Yu, Tong and Zhu, Hong},
  journal={arXiv preprint arXiv:2003.05689},
  year={2020}
}

@article{joseph2018grid,
  title={Grid Search for model tuning},
  author={Joseph, Rohan},
  publisher={towardsdatascience},
  url={https://towardsdatascience.com/grid-search-for-model-tuning-3319b259367e},
  year={2018}
}

@article{bergstra2012random,
  title={Random search for hyper-parameter optimization},
  author={Bergstra, James and Bengio, Yoshua},
  journal={The Journal of Machine Learning Research},
  volume={13},
  number={1},
  pages={281--305},
  year={2012},
  publisher={JMLR. org}
}

@book{shiffman2012nature,
  title={The nature of code},
  author={Shiffman, Daniel and Fry, Shannon and Marsh, Zannah},
  year={2012},
  publisher={D. Shiffman}
}

@incollection{hansen2006cma,
  title={The CMA evolution strategy: a comparing review},
  author={Hansen, Nikolaus},
  booktitle={Towards a new evolutionary computation},
  pages={75--102},
  year={2006},
  publisher={Springer}
}

@inproceedings{lorenzo2017particle,
  title={Particle swarm optimization for hyper-parameter selection in deep neural networks},
  author={Lorenzo, Pablo Ribalta and Nalepa, Jakub and Kawulok, Michal and Ramos, Luciano Sanchez and Pastor, Jos{\'e} Ranilla},
  booktitle={Proceedings of the genetic and evolutionary computation conference},
  pages={481--488},
  year={2017}
}

@inproceedings{orive2014evolutionary,
  title={Evolutionary algorithms for hyperparameter tuning on neural networks models},
  author={Orive, David and Sorrosal, G and Borges, Cruz Enrique and Mart{\'\i}n, C and Alonso-Vicario, A},
  booktitle={Proceedings of the 26th european modeling \& simulation symposium. Burdeos, France},
  pages={402--409},
  year={2014}
}

% Deep Learning
@article{ioffe2015batch,
  title={Batch normalization: Accelerating deep network training by reducing internal covariate shift},
  author={Ioffe, Sergey and Szegedy, Christian},
  journal={arXiv preprint arXiv:1502.03167},
  year={2015}
}

@article{srivastava2014dropout,
  title={Dropout: a simple way to prevent neural networks from overfitting},
  author={Srivastava, Nitish and Hinton, Geoffrey and Krizhevsky, Alex and Sutskever, Ilya and Salakhutdinov, Ruslan},
  journal={The journal of machine learning research},
  volume={15},
  number={1},
  pages={1929--1958},
  year={2014},
  publisher={JMLR. org}
}

@article{kingma2014adam,
  title={Adam: A method for stochastic optimization},
  author={Kingma, Diederik P and Ba, Jimmy},
  journal={arXiv preprint arXiv:1412.6980},
  year={2014}
}

@inproceedings{nair2010rectified,
  title={Rectified linear units improve restricted boltzmann machines},
  author={Nair, Vinod and Hinton, Geoffrey E},
  booktitle={Icml},
  year={2010}
}

@inproceedings{he2016deep,
  title={Deep residual learning for image recognition},
  author={He, Kaiming and Zhang, Xiangyu and Ren, Shaoqing and Sun, Jian},
  booktitle={Proceedings of the IEEE conference on computer vision and pattern recognition},
  pages={770--778},
  year={2016}
}


@article{feydy2020fast,
  title={Fast geometric learning with symbolic matrices},
  author={Feydy, Jean and Glaun{\`e}s, Joan and Charlier, Benjamin and Bronstein, Michael},
  journal={Proc. NeurIPS},
  volume={2},
  number={4},
  pages={6},
  year={2020}
}

@article{belkin2006convergence,
  title={Convergence of Laplacian eigenmaps},
  author={Belkin, Mikhail and Niyogi, Partha},
  journal={Advances in neural information processing systems},
  volume={19},
  pages={129--136},
  year={2006}
}

@article{keriven2020convergence,
  title={Convergence and Stability of Graph Convolutional Networks on Large Random Graphs},
  author={Keriven, Nicolas and Bietti, Alberto and Vaiter, Samuel},
  journal={arXiv preprint arXiv:2006.01868},
  year={2020}
}

@inproceedings{hein2005graphs,
  title={From graphs to manifolds--weak and strong pointwise consistency of graph Laplacians},
  author={Hein, Matthias and Audibert, Jean-Yves and Von Luxburg, Ulrike},
  booktitle={International Conference on Computational Learning Theory},
  pages={470--485},
  year={2005},
  organization={Springer}
}

@article{singer2006graph,
  title={From graph to manifold Laplacian: The convergence rate},
  author={Singer, Amit},
  journal={Applied and Computational Harmonic Analysis},
  volume={21},
  number={1},
  pages={128--134},
  year={2006},
  publisher={Elsevier}
}

@article{errica2019fair,
  title={A fair comparison of graph neural networks for graph classification},
  author={Errica, Federico and Podda, Marco and Bacciu, Davide and Micheli, Alessio},
  journal={arXiv preprint arXiv:1912.09893},
  year={2019}
}

@article{zagoruyko2016wide,
  title={Wide residual networks},
  author={Zagoruyko, Sergey and Komodakis, Nikos},
  journal={arXiv preprint arXiv:1605.07146},
  year={2016}
}

@inproceedings{ronneberger2015u,
  title={U-net: Convolutional networks for biomedical image segmentation},
  author={Ronneberger, Olaf and Fischer, Philipp and Brox, Thomas},
  booktitle={International Conference on Medical image computing and computer-assisted intervention},
  pages={234--241},
  year={2015},
  organization={Springer}
}


@article{baumgardner1985icosahedral,
  title={Icosahedral discretization of the two-sphere},
  author={Baumgardner, John R and Frederickson, Paul O},
  journal={SIAM Journal on Numerical Analysis},
  volume={22},
  number={6},
  pages={1107--1115},
  year={1985},
  publisher={SIAM}
}

@article{driscoll1994computing,
  title={Computing Fourier transforms and convolutions on the 2-sphere},
  author={Driscoll, James R and Healy, Dennis M},
  journal={Advances in applied mathematics},
  volume={15},
  number={2},
  pages={202--250},
  year={1994},
  publisher={Elsevier}
}

@article{gorski2005healpix,
  title={HEALPix: A framework for high-resolution discretization and fast analysis of data distributed on the sphere},
  author={Gorski, Krzysztof M and Hivon, Eric and Banday, Anthony J and Wandelt, Benjamin D and Hansen, Frode K and Reinecke, Mstvos and Bartelmann, Matthia},
  journal={The Astrophysical Journal},
  volume={622},
  number={2},
  pages={759},
  year={2005},
  publisher={IOP Publishing}
}

@article{lecun1995convolutional,
  title={Convolutional networks for images, speech, and time series},
  author={LeCun, Yann and Bengio, Yoshua and others},
  journal={The handbook of brain theory and neural networks},
  volume={3361},
  number={10},
  pages={1995},
  year={1995}
}


@article{perraudin2019deepsphere,
  title={DeepSphere: Efficient spherical convolutional neural network with HEALPix sampling for cosmological applications},
  author={Perraudin, Nathana{\"e}l and Defferrard, Micha{\"e}l and Kacprzak, Tomasz and Sgier, Raphael},
  journal={Astronomy and Computing},
  volume={27},
  pages={130--146},
  year={2019},
  publisher={Elsevier}
}

@article{defferrard2020deepsphere,
  title={DeepSphere: a graph-based spherical CNN},
  author={Defferrard, Micha{\"e}l and Milani, Martino and Gusset, Fr{\'e}d{\'e}rick and Perraudin, Nathana{\"e}l},
  journal={arXiv preprint arXiv:2012.15000},
  year={2020}
}

@article{khasahmadi2020memory,
  title={Memory-based graph networks},
  author={Khasahmadi, Amir Hosein and Hassani, Kaveh and Moradi, Parsa and Lee, Leo and Morris, Quaid},
  journal={arXiv preprint arXiv:2002.09518},
  year={2020}
}

@article{ying2018hierarchical,
  title={Hierarchical graph representation learning with differentiable pooling},
  author={Ying, Rex and You, Jiaxuan and Morris, Christopher and Ren, Xiang and Hamilton, William L and Leskovec, Jure},
  journal={arXiv preprint arXiv:1806.08804},
  year={2018}
}

@article{dhillon2007weighted,
  title={Weighted graph cuts without eigenvectors a multilevel approach},
  author={Dhillon, Inderjit S and Guan, Yuqiang and Kulis, Brian},
  journal={IEEE transactions on pattern analysis and machine intelligence},
  volume={29},
  number={11},
  pages={1944--1957},
  year={2007},
  publisher={IEEE}
}

@article{mesquita2020rethinking,
  title={Rethinking pooling in graph neural networks},
  author={Mesquita, Diego and Souza, Amauri H and Kaski, Samuel},
  journal={arXiv preprint arXiv:2010.11418},
  year={2020}
}

@article{bosking_orientation_1997,
	title = {Orientation selectivity and the arrangement of horizontal connections in tree shrew striate cortex},
	volume = {17},
	number = {6},
	journal = {Journal of neuroscience},
	author = {Bosking, William H and Zhang, Ying and Schofield, Brett and Fitzpatrick, David},
	year = {1997},
	pages = {2112--2127},
	file = {Bosking et al. - 1997 - Orientation selectivity and the arrangement of hor.pdf:C\:\\Users\\EBekkers\\Zotero\\storage\\SF4HLIFH\\Bosking et al. - 1997 - Orientation selectivity and the arrangement of hor.pdf:application/pdf}
}

@article{petitot_neurogeometry_2003,
	title = {The neurogeometry of pinwheels as a sub-{Riemannian} contact structure},
	volume = {97},
	number = {2-3},
	journal = {Journal of Physiology-Paris},
	author = {Petitot, Jean},
	year = {2003},
	keywords = {sub-Riemannian},
	pages = {265--309}
}

@article{citti_cortical_2006,
	title = {A cortical based model of perceptual completion in the roto-translation space},
	volume = {24},
	number = {3},
	journal = {Journal of Mathematical Imaging and Vision},
	author = {Citti, Giovanna and Sarti, Alessandro},
	year = {2006},
	keywords = {sub-Riemannian},
	pages = {307--326}
}

@article{franken_crossing-preserving_2009,
	title = {Crossing-preserving coherence-enhancing diffusion on invertible orientation scores},
	volume = {85},
	number = {3},
	journal = {International Journal of Computer Vision},
	author = {Franken, Erik and Duits, Remco},
	year = {2009},
	pages = {253},
	file = {Franken and Duits - 2009 - Crossing-preserving coherence-enhancing diffusion .pdf:C\:\\Users\\EBekkers\\Zotero\\storage\\KGMAE55N\\Franken and Duits - 2009 - Crossing-preserving coherence-enhancing diffusion .pdf:application/pdf}
}


@article{bekkers_pde_2015,
	title = {A {PDE} {Approach} to {Data}-{Driven} {Sub}-{Riemannian} {Geodesics} in {SE}(2)},
	volume = {8},
	copyright = {All rights reserved},
	url = {https://doi.org/10.1137/15M1018460},
	doi = {10.1137/15M1018460},
	number = {4},
	journal = {SIAM Journal on Imaging Sciences},
	author = {Bekkers, Erik J and Duits, Remco and Mashtakov, Alexey P and Sanguinetti, Gonzalo R},
	year = {2015},
	keywords = {ejb},
	pages = {2740--2770}
}

@article{favali_analysis_2016,
	title = {Analysis of vessel connectivities in retinal images by cortically inspired spectral clustering},
	volume = {56},
	number = {1},
	journal = {Journal of Mathematical Imaging and Vision},
	author = {Favali, Marta and Abbasi-Sureshjani, Samaneh and ter Haar Romeny, Bart and Sarti, Alessandro},
	year = {2016},
	pages = {158--172},
	file = {Favali et al. - 2016 - Analysis of vessel connectivities in retinal image.pdf:C\:\\Users\\EBekkers\\Zotero\\storage\\7KTKR5DG\\Favali et al. - 2016 - Analysis of vessel connectivities in retinal image.pdf:application/pdf}
}

@article{duits_optimal_2018,
	title = {Optimal {Paths} for {Variants} of the 2D and 3D {Reeds}–{Shepp} {Car} with {Applications} in {Image} {Analysis}},
	issn = {1573-7683},
	url = {https://doi.org/10.1007/s10851-018-0795-z},
	doi = {10.1007/s10851-018-0795-z},
	journal = {Journal of Mathematical Imaging and Vision},
	author = {Duits, R. and Meesters, S. P. L. and Mirebeau, J.-M. and Portegies, J. M.},
	month = feb,
	year = {2018},
	file = {Duits et al. - 2018 - Optimal Paths for Variants of the 2D and 3D Reeds–.pdf:C\:\\Users\\EBekkers\\Zotero\\storage\\73WTKN4F\\Duits et al. - 2018 - Optimal Paths for Variants of the 2D and 3D Reeds–.pdf:application/pdf}
}


@article{duits_association_2014,
	title = {Association fields via cuspless sub-{Riemannian} geodesics in {SE} (2)},
	volume = {49},
	number = {2},
	journal = {Journal of mathematical imaging and vision},
	author = {Duits, Remco and Boscain, Ugo and Rossi, Francesco and Sachkov, Yuri},
	year = {2014},
	pages = {384--417},
	file = {Duits et al. - 2014 - Association fields via cuspless sub-Riemannian geo.pdf:C\:\\Users\\EBekkers\\Zotero\\storage\\NWR44U28\\Duits et al. - 2014 - Association fields via cuspless sub-Riemannian geo.pdf:application/pdf}
}

@article{satorras2021n,
  title={E (n) Equivariant Graph Neural Networks},
  author={Satorras, Victor Garcia and Hoogeboom, Emiel and Welling, Max},
  journal={arXiv preprint arXiv:2102.09844},
  year={2021}
}
